<?xml version="1.0" encoding="UTF-8"?><collection xmlns="http://www.loc.gov/MARC21/slim"><record><leader>00569nam--2200193-i-4500</leader><controlfield tag="001">000014842</controlfield><controlfield tag="002">20161230</controlfield><controlfield tag="005">20161230201031</controlfield><controlfield tag="008">060222s1000------------r-----000-0-fre-d</controlfield><datafield ind1=" " ind2=" " tag="040"><subfield code="a">IFIN-HH</subfield></datafield><datafield ind1=" " ind2=" " tag="041"><subfield code="a">fre</subfield></datafield><datafield ind1=" " ind2=" " tag="080"><subfield code="a">531(075.8)</subfield></datafield><datafield ind1=" " ind2=" " tag="100"><subfield code="a">Bruhat, G</subfield></datafield><datafield ind1=" " ind2=" " tag="245"><subfield code="a">Cours de physique generale. mecanique</subfield><subfield code="b">A l usage de l enseignment superieur scientifique et technique</subfield><subfield code="c">G. Bruhat</subfield></datafield><datafield ind1=" " ind2=" " tag="250"><subfield code="a">Sixieme Edition Revue Et Completee Par A.Foch</subfield></datafield><datafield ind1=" " ind2=" " tag="260"><subfield code="a">Paris, Masson And C-ie, 1961</subfield></datafield><datafield ind1=" " ind2=" " tag="300"><subfield code="a">724 P</subfield></datafield><datafield ind1=" " ind2=" " tag="852"><subfield code="a">75766</subfield><subfield code="c">531</subfield></datafield><datafield ind1=" " ind2=" " tag="CAT"><subfield code="a">Sys</subfield><subfield code="c">20100707</subfield><subfield code="h">140027</subfield></datafield></record></collection>